@inproceedings{bib:adsorption_reaction_principles,
  title={Principles of Adsorption and Reaction on Solid Surfaces},
  publisher = {Wiley Interscience},
  isbn = {0-471-30392-5},
  author={Richard I. Masel},
  year={1996}
}
