@Article{bib:bacterium_detection,
   Author="Zhang, D.  and Bi, H.  and Liu, B.  and Qiao, L. ",
   Title="{{D}etection of {P}athogenic {M}icroorganisms by {M}icrofluidics {B}ased {A}nalytical {M}ethods}",
   Journal="Anal Chem",
   Year="2018",
   Volume="90",
   Number="9",
   Pages="5512--5520",
   Month="05",
   Note={[DOI:\href{https://dx.doi.org/10.1021/acs.analchem.8b00399}{10.1021/acs.analchem.8b00399}] [PubMed:\href{https://www.ncbi.nlm.nih.gov/pubmed/29595252}{29595252}] }
}
