@online{bib:biomolecula_biosensors,
  title = {LymeExpress — студенты в борьбе с клещевыми инфекциями},
  url = {https://biomolecula.ru/articles/lymeexpress-studenty-v-borbe-s-kleshchevymi-infektsiiami},
  urldate = {2022-06-15},
}
