@Article{bib:biosensor_intro,
   Author="Bhalla, N.  and Jolly, P.  and Formisano, N.  and Estrela, P. ",
   Title="{{I}ntroduction to biosensors}",
   Journal="Essays Biochem",
   Year="2016",
   Volume="60",
   Number="1",
   Pages="1--8",
   Month="06",
   Note={[PubMed Central:\href{https://www.ncbi.nlm.nih.gov/pmc/articles/PMC4986445}{PMC4986445}] [DOI:\href{https://dx.doi.org/10.1042/EBC20150001}{10.1042/EBC20150001}] [PubMed:\href{https://www.ncbi.nlm.nih.gov/pubmed/20151038}{20151038}] }
}
