@Article{bib:biotin_streptavidin_kinetics,
   Author="Srisa-Art, M.  and Dyson, E. C.  and deMello, A. J.  and Edel, J. B. ",
   Title="{{M}onitoring of real-time streptavidin-biotin binding kinetics using droplet microfluidics}",
   Journal="Anal Chem",
   Year="2008",
   Volume="80",
   Number="18",
   Pages="7063--7067",
   Month="Sep",
   Note={[DOI:\href{https://dx.doi.org/10.1021/ac801199k}{10.1021/ac801199k}] [PubMed:\href{https://www.ncbi.nlm.nih.gov/pubmed/18712935}{18712935}] }
}
