@Article{bib:capillary_protein_electrophoresis,
   Author="Zhu, Z.  and Lu, J. J.  and Liu, S. ",
   Title="{{P}rotein separation by capillary gel electrophoresis: a review}",
   Journal="Anal Chim Acta",
   Year="2012",
   Volume="709",
   Pages="21--31",
   Month="Jan",
   Note={[PubMed Central:\href{https://www.ncbi.nlm.nih.gov/pmc/articles/PMC3227876}{PMC3227876}] [DOI:\href{https://dx.doi.org/10.1016/j.aca.2011.10.022}{10.1016/j.aca.2011.10.022}] [PubMed:\href{https://www.ncbi.nlm.nih.gov/pubmed/11795513}{11795513}] }
}
