@online{bib:comsol_fem,
  title = {The Finite Element Method (FEM)},
  url = {https://www.comsol.com/multiphysics/finite-element-method},
  urldate = {2022-06-15},
}
