@article{bib:evstrapov_mf_chip,
  author = {Евстрапов А. А.},
  journal = {Рос. хим. ж. (Ж. Рос. хим. об-ва им. Д.И. Менделеева)},
  title = {Микрофлюидные чипы для биологических и медицинских исследований},
  volume = {LV},
  number = {2},
  year = {2011},
}
