@Article{bib:fm_multiplex,
   Author="Jun, B. H.  and Kang, H.  and Lee, Y. S.  and Jeong, D. H. ",
   Title="{{F}luorescence-based multiplex protein detection using optically encoded microbeads}",
   Journal="Molecules",
   Year="2012",
   Volume="17",
   Number="3",
   Pages="2474--2490",
   Month="Mar",
   Note={[PubMed Central:\href{https://www.ncbi.nlm.nih.gov/pmc/articles/PMC6268487}{PMC6268487}] [DOI:\href{https://dx.doi.org/10.3390/molecules17032474}{10.3390/molecules17032474}] [PubMed:\href{https://www.ncbi.nlm.nih.gov/pubmed/15047203}{15047203}] }
}
