@inproceedings{bib:hairer_stiff,
  title={Solving Ordinary Differential Equations {I}{I}: Stiff and Differential-Algebraic Problems},
  author={Ernst Hairer and Gerhard Wanner},
  year={2002},
}
