@book{bib:inverse_pde,
  author = {Victor Isakov},
  title = {Inverse Problems for Partial Differential Equations},
  isbn = {978-3-319-51657-8},
  year = {2017},
  publisher = {Springer Cham},
  edition = {3},
  series = {Applied Mathematical Sciences},
  keywords = {
    Inverse Problems,
    Ill-posed Problems,
    Carleman Estimates,
    Uniqueness and Stability of the Continuation,
    Remote Sensing,
    Tomography,
    partial differential equations,
    remote sensing/photogrammetry,
  },
  note = {[DOI:\href{https://doi.org/10.1007/978-3-319-51658-5}{10.1007/978-3-319-51658-5}]},
}
