@book{bib:klimov_nanoplasmonics,
  author = {Климов В. В.},
  publisher = {М. ФИЗМАТЛИТ},
  title = {Наноплазмоника},
  year = {2009},
  note = {ISBN 978-5-9221-1030-3},
}
