@book{bib:ll,
  author = {Ландау Л. Д., Лифшиц Е. М.},
  publisher = {М. ФИЗМАТЛИТ},
  title = {Теоретическая физика:
    Учеб. пособ.: Для вузов. В 10 т. Т. VI. Гидродинамика. — 5-е изд., стереот.},
  year = {2001},
  note = {ISBN 5-9221-0121-8},
}
