@Article{bib:marker_effect,
   Author="Sun, Y. S.  and Landry, J. P.  and Fei, Y. Y.  and Zhu, X. D.  and Luo, J. T.  and Wang, X. B.  and Lam, K. S. ",
   Title="{{E}ffect of fluorescently labeling protein probes on kinetics of protein-ligand reactions}",
   Journal="Langmuir",
   Year="2008",
   Volume="24",
   Number="23",
   Pages="13399--13405",
   Month="Dec",
   Note={[PubMed Central:\href{https://www.ncbi.nlm.nih.gov/pmc/articles/PMC2721158}{PMC2721158}] [DOI:\href{https://dx.doi.org/10.1021/la802097z}{10.1021/la802097z}] [PubMed:\href{https://www.ncbi.nlm.nih.gov/pubmed/18566623}{18566623}] }
}
