@Article{bib:microfluidic_protein_chromatography,
   Author="Gomez, F. A. ",
   Title="{{M}icrofluidics in protein chromatography}",
   Journal="Methods Mol Biol",
   Year="2011",
   Volume="681",
   Pages="137--150",
   Note={[DOI:\href{https://dx.doi.org/10.1007/978-1-60761-913-0\_8}{10.1007/978-1-60761-913-0\_8}] [PubMed:\href{https://www.ncbi.nlm.nih.gov/pubmed/20978964}{20978964}] }
}
