@article{bib:odpc_visualization,
author = {Soboleva, Irina and Descrovi, Emiliano and Dominici, Lorenzo and Michelotti, Francesco and Giorgis, Fabrizio and Fedyanin, Andrey},
year = {2009},
month = {05},
pages = {},
title = {Visualization of surface electromagnetic waves in one-dimensional photonic crystal by fluorescence dye},
volume = {7356},
journal = {Proceedings of SPIE - The International Society for Optical Engineering},
doi = {10.1117/12.820711}
}
