@inbook{bib:phys_chem_hydro_layers,
  author = {Ronald F. Probstein},
  publisher = {John Wiley \& Sons, Ltd},
  isbn = {9780471725138},
  title = {Physicochemical Hydrodynamics},
  chapter = {4},
  pages = {53-107},
  doi = {https://doi.org/10.1002/0471725137.ch4},
  url = {https://onlinelibrary.wiley.com/doi/abs/10.1002/0471725137.ch4},
  eprint = {https://onlinelibrary.wiley.com/doi/pdf/10.1002/0471725137.ch4},
  year = {1994},
  keywords = {transport of mass, convective diffusion, channel flow, reverse osmosis, Taylor dispersion},
  abstract = {Summary This chapter includes the following topics: Diffusion and Reaction Kinetics Convective Diffusion Layer Characteristics Channel Flow with Soluble or Rapidly Reacting Walls Reverse Osmosis and Mixed Heterogeneous Reactions Flow Past a Reacting Flat Plate Taylor Dispersion in a Capillary Tube Gel Chromatography and Capillary Models of Porous Media}
}
