@article{bib:poc_infectious,
  author = {Lucy Hocking, Jenny George, Eeva K. Broberg, Marc J. Struelens, Katrin C. Leitmeyer, Advait Deshpande, Sarah Parkinson, Joe Francombe, Katherine I. Morley, Helena de Carvalho Gomes},
  journal = {European Centre for Disease Prevention and Control},
  title = {A scoping review of point-of-care testing devices for infectious disease surveillance, prevention and control.},
  YEAR = {2022},
  month = {Apr},
  note = {[DOI:10.2900/443139] [ISBN:978-92-9498-569-9]},
}
