@Article{bib:poc_rsa,
   Author="Meyer, A. R.  and Gorin, M. A. ",
   Title="{{F}irst point-of-care {P}{S}{A} test for prostate cancer detection}",
   Journal="Nat Rev Urol",
   Year="2019",
   Volume="16",
   Number="6",
   Pages="331--332",
   Month="Jun",
   Note={[DOI:\href{https://dx.doi.org/10.1038/s41585-019-0179-1}{10.1038/s41585-019-0179-1}] [PubMed:\href{https://www.ncbi.nlm.nih.gov/pubmed/30948842}{30948842}] }
}
