@Article{bib:protein_a_b_ig_g,
   Author="Saha, K.  and Bender, F.  and Gizeli, E. ",
   Title="{{C}omparative study of {I}g{G} binding to proteins {G} and {A}: nonequilibrium kinetic and binding constant determination with the acoustic waveguide device}",
   Journal="Anal Chem",
   Year="2003",
   Volume="75",
   Number="4",
   Pages="835--842",
   Month="Feb",
   Note={[DOI:\href{https://dx.doi.org/10.1021/ac0204911}{10.1021/ac0204911}] [PubMed:\href{https://www.ncbi.nlm.nih.gov/pubmed/12622374}{12622374}] }
}
