@article{bib:qcm_odor,
author = {Yuwono, Arief and Schulze Lammers, Peter},
year = {2003},
month = {11},
pages = {},
title = {Odor Pollution in the Environment and the Detection Instrumentation},
volume = {6}
}
