@Article{bib:spr_biosensing_2009,
   Author="Piliarik, M.  and Vaisocherov√°, H.  and Homola, J. ",
   Title="{{S}urface plasmon resonance biosensing}",
   Journal="Methods Mol Biol",
   Year="2009",
   Volume="503",
   Pages="65--88",
   Note={[DOI:\href{https://dx.doi.org/10.1007/978-1-60327-567-5_5}{10.1007/978-1-60327-567-5_5}] [PubMed:\href{https://www.ncbi.nlm.nih.gov/pubmed/19151937}{19151937}] }
}
