@inbook{bib:springer_handbook,
  editor = {Bharat Bhushan},
  title = {Springer Handbook of Nanotechnology},
  isbn = {978-3-662-54355-9},
  year = {2017},
  publisher = {Springer, Berlin, Heidelberg},
  edition = {4},
  series = {Springer Handbooks},
  chapter = {16},
  keywords = {
    Nanofabrication,Nanodevices,Nanostructures,Nanodevice,Reliability,
    Bionanotechnology,Scanning,Probe,Microscopy,Biomimetics,Nanorobotics,
    Nanotribology,Molecularly,Thick,Films,
  },
}
