@article{bib:white_mf_as,
  author = {Курочкин, В. Е. and Евстрапов, А. А. and Суханов, В. Л. and Беленький, Б. Г. and Комяк, Н. И.},
  journal = {НАУЧНОЕ ПРИБОРОСТРОЕНИЕ},
  title = {Микрюфлюидные аналитические системы},
  volume = {10},
  number = {3},
  year = {2000},
}
